
@book{cornuejolsOptimizationMethodsFinance2006,
  address = {Cambridge},
  title = {Optimization {{Methods}} in {{Finance}}},
  isbn = {978-0-511-75388-6},
  language = {en},
  publisher = {{Cambridge University Press}},
  author = {Cornuejols, Gerard and Tutuncu, Reha},
  year = {2006},
  keywords = {3important},
  file = {D:\\zht\\database\\zoteroDB\\storage\\2RQIT376\\Cornuejols and Tutuncu- 2006- Optimization Methods in Finance.pdf},
  doi = {10.1017/CBO9780511753886}
}

@book{boydConvexOptimization2004,
  address = {Cambridge, UK ; New York},
  title = {Convex Optimization},
  isbn = {978-0-521-83378-3},
  lccn = {QA402.5 .B69 2004},
  language = {en},
  publisher = {{Cambridge University Press}},
  author = {Boyd, Stephen P. and Vandenberghe, Lieven},
  year = {2004},
  keywords = {3important,Convex functions,Mathematical optimization},
  file = {D:\\zht\\database\\zoteroDB\\storage\\CXZ9WSLY\\bv_cvxbook_extra_exercises.pdf;D:\\zht\\database\\zoteroDB\\storage\\SB49C5U9\\Boyd and Vandenberghe - 2004 - Convex optimization.pdf;D:\\zht\\database\\zoteroDB\\storage\\TFUECTWI\\bv_cvxslides.pdf}
}

@article{boydMultiPeriodTradingConvex2017,
  title = {Multi-{{Period Trading}} via {{Convex Optimization}}},
  volume = {3},
  issn = {2167-3888, 2167-3918},
  doi = {10.1561/2400000023},
  language = {en},
  number = {1},
  journal = {Foundations and Trends\textregistered{} in Optimization},
  author = {Boyd, Stephen},
  year = {2017},
  keywords = {quantitative,review,python,code,2readed,5follow,8xed,Portfolio optimization,convex optimization},
  pages = {1-76},
  file = {D:\\zht\\database\\zoteroDB\\storage\\IMMTQZGX\\Boyd - 2017 - Multi-Period Trading via Convex Optimization.pdf}
}

@book{nocedalNumericalOptimization2006,
  address = {New York},
  edition = {2nd ed},
  series = {Springer series in operations research},
  title = {Numerical Optimization},
  isbn = {978-0-387-30303-1},
  lccn = {QA402.5 .N62 2006},
  language = {en},
  publisher = {{Springer}},
  author = {Nocedal, Jorge and Wright, Stephen J.},
  year = {2006},
  keywords = {3important,Mathematical optimization},
  file = {D:\\zht\\database\\zoteroDB\\storage\\4YG2E9H7\\Nocedal and Wright - 2006 - Numerical optimization.pdf},
  note = {OCLC: ocm68629100}
}

@article{baiEstimatingHighDimensional2011,
  title = {Estimating High Dimensional Covariance Matrices and Its Applications},
  volume = {12},
  number = {2},
  journal = {Annals of Economics and Finance},
  author = {Bai, Jushan and Shi, Shuzhong},
  year = {2011},
  keywords = {APT,CAPM,Factor analysis,GMM,Optimal portfolios,Principle component analysis,Shrinkage},
  pages = {199--215},
  file = {D:\\zht\\database\\zoteroDB\\storage\\UMU7JJUA\\Bai and Shi- 2011- Estimating high dimensional covariance matrices and its applications.pdf}
}

@article{matloffNumericalPythonPractical2016,
  title = {Numerical {{Python}} : {{A Practical Techniques Approach}} for {{Industry}}},
  volume = {70},
  issn = {1548-7660},
  shorttitle = {Numerical {{{\emph{Python}}}}},
  doi = {10.18637/jss.v070.b04},
  language = {en},
  number = {Book Review 4},
  journal = {Journal of Statistical Software},
  author = {Matloff, Norman},
  year = {2016},
  file = {D:\\zht\\database\\zoteroDB\\storage\\8E9HABQ9\\Matloff- 2016- Numerical Python - A Practical Techniques Approach for Industry.pdf}
}


